4242 6117
566 727 622 786 496
897 726 1097 786 ΑΒΒΕΝΒΑ
1116 727 1169 785 ΕΤ
1193 725 1465 788 conaturum.

559 882 732 952 fragmento
751 876 892 951 defensio,
913 879 1041 934 Berolini
1061 879 1145 948 185³,
1166 878 1202 948 4,
1223 891 1331 938 eoum
1350 881 1491 940 Roscium
1509 882 1631 953 epistola
1650 887 1751 936 critica
1762 883 1797 935 ds

557 974 710 1048 fastorum
728 975 937 1046 municipalium
955 977 1162 1048 Campanorum
1173 976 1364 1048 fragmento,
1389 975 1450 1034 ibd.
1471 976 1562 1046 1854,
1584 978 1612 1033 4.

490 1087 508 1163 ς
527 1085 555 1145 4.
587 1087 624 1144 ad
644 1107 673 1144 n.
693 1087 785 1145 5366:
816 1087 913 1145 denno
941 1087 1100 1164 Zumptins
1126 1089 1232 1147 Sentio
1257 1089 1423 1148 Saturnino
1444 1091 1671 1165 inscriptionem
1689 1088 1798 1147 tribuit

565 1183 732 1240 Cosument.
752 1183 847 1258 epigr.
868 1182 912 1250 ΙΙ,
935 1202 965 1258 p.
990 1183 1044 1241 109
1065 1201 1165 1261 seqq.;
1195 1203 1292 1262 neque
1318 1196 1417 1242 tamen
1439 1186 1512 1242 mibi
1531 1196 1613 1242 certe
1631 1186 1794 1260 persuasit,

564 1296 626 1335 non
643 1278 764 1346 Asiam,
786 1277 839 1334 sed
852 1277 987 1333 Africam
1007 1277 1179 1350 Quirinium
1197 1282 1314 1336 rexisse
1332 1285 1375 1354 (p.
1389 1279 1450 1347 91),
1472 1297 1563 1356 qutun
1580 1279 1660 1354 apud
1671 1279 1797 1336 Florum

563 1375 636 1448 epit.
658 1373 703 1442 ΙΙ,
725 1373 759 1430 31
789 1371 875 1428 ualde
901 1371 1016 1430 ineerta
1043 1372 1181 1430 codicum
1200 1374 1289 1431 lectio
1310 1377 1365 1443 sit,
1393 1384 1423 1430 et
1446 1373 1645 1432 Marmaridas
1664 1372 1796 1449 praesidi

563 1469 663 1544 potius
692 1466 893 1540 Cyrenaicae,
924 1485 1013 1543 quam
1042 1469 1164 1524 Africae
1189 1465 1371 1544 subigendos
1397 1468 1483 1525 datos
1510 1486 1577 1525 esse
1603 1467 1795 1526 crediderim.

562 1563 724 1619 Praeterea
744 1563 808 1636 ipsa
829 1573 997 1638 temporum
1017 1564 1232 1620 consecutione
1246 1563 1456 1620 Marmaricam
1476 1563 1558 1620 illam
1575 1563 1795 1638 expeditionem

562 1667 632 1734 post
652 1675 763 1713 aunum
783 1655 856 1724 759,
884 1674 944 1732 quo
965 1655 1109 1713 Gaetulos
1130 1657 1241 1714 Cossus
1262 1660 1350 1726 vieit,
1380 1658 1489 1714 iactam
1508 1676 1575 1714 esse
1595 1669 1737 1733 apparet;
1765 1657 1796 1714 id

563 1753 589 1808 si
615 1770 718 1809 verum
743 1761 804 1820 est,
840 1750 878 1807 ad
903 1751 1109 1826 quaestionem
1137 1754 1184 1809 hic
1210 1751 1397 1828 propositam
1424 1753 1498 1808 nihil
1524 1754 1664 1828 pertinet.
1706 1751 1796 1823 Quod

563 1857 661 1902 autem
682 1847 718 1902 Z.
734 1843 862 1902 Balbum
881 1845 1000 1902 easdem
1019 1857 1123 1922 gentes
1144 1848 1255 1902 vicisse
1273 1845 1356 1914 dicit,
1379 1865 1453 1923 quss
1471 1849 1639 1922 Augustum
1653 1845 1796 1917 Quirinio

562 1939 744 2017 subigendas
765 1939 882 1996 dedisse
902 1939 1015 2006 eredit,
1039 1959 1076 1996 ue
1097 1940 1154 1996 hoe
1174 1940 1294 2016 quidem
1313 1952 1496 2009 veromam,
1517 1960 1586 1998 nain
1599 1945 1679 1998 iuter
1691 1951 1795 2016 gentes

564 2034 600 2092 ab
627 2053 662 2092 eo
689 2033 821 2092 devictas
842 2034 1040 2091 Garamantes
1062 2035 1196 2112 quidem,
1225 2035 1348 2092 minime
1366 2054 1439 2093 vero
1458 2035 1657 2093 Marmaridas
1676 2033 1795 2091 Plinius

562 2138 775 2187 commemorat
800 2127 891 2195 (Plin.
913 2127 950 2184 N.
972 2126 1011 2184 Η.
1033 2127 1072 2196 V,
1094 2129 1127 2197 5,
1149 2129 1209 2196 36).
1258 2129 1388 2197 Contra,
1417 2149 1595 2207 quamquam
1622 2129 1795 2202 Quirinium

561 2226 653 2281 Asiae
678 2222 889 2300 proconsulem
914 2223 1006 2278 fuisse
1035 2221 1156 2279 disertis
1182 2234 1317 2280 veterum
1340 2225 1519 2282 testimoniis
1538 2244 1599 2281 nou
1619 2223 1732 2292 elucet,
1761 2225 1795 2280 in

561 2321 638 2376 serie
663 2330 763 2376 tamen
790 2317 1006 2393 proconsulum
1029 2319 1093 2374 eins
1120 2321 1296 2394 provinciae
1317 2337 1412 2375 annas
1433 2319 1489 2376 747
1508 2318 1585 2376 liber
1604 2329 1652 2376 est
1671 2330 1700 2376 et
1720 2337 1795 2375 con·

561 2414 619 2470 suli
647 2415 718 2469 anni
743 2412 800 2470 742
820 2411 974 2468 commode
998 2413 1178 2488 assignatur.
1215 2413 1317 2488 Ipsum
1337 2423 1436 2470 autem
1456 2411 1652 2471 Saturninum
1671 2413 1794 2471 Africae

560 2507 772 2584 proconsulem
792 2506 903 2575 fuisse,
926 2506 1107 2563 Tertulliani
1127 2504 1228 2564 verbis
1249 2505 1374 2583 probari
1393 2506 1512 2565 videtur
1532 2507 1583 2584 (de
1602 2507 1693 2584 pallio
1714 2527 1741 2564 c.
1758 2509 1792 2573 l;

561 2601 598 2659 cs.
622 2602 689 2662 adv.
711 2601 807 2660 Mare.
829 2601 882 2669 lv,
907 2601 972 2677 to),
1008 2599 1060 2657 ubi
1090 2601 1125 2658 de
1153 2601 1273 2657 colonia
1300 2601 1542 2679 Carthaginiensi
1570 2603 1613 2659 sic
1638 2603 1793 2680 loquiturs

557 2707 623 2770 post
643 2695 764 2750 Gracchi
783 2697 918 2749 obscoena
938 2702 1032 2748 omina
1051 2706 1081 2748 et
1100 2695 1198 2765 Lepidi
1215 2697 1341 2749 violenta
1361 2697 1498 2765 indibria,
1515 2706 1582 2769 post
1600 2705 1694 2750 trinna
1712 2699 1795 2750 Pons·

557 2798 615 2865 peii
633 2809 702 2844 arus
720 2801 749 2844 et
768 2791 873 2862 longas
893 2791 1025 2843 Caesaris
1044 2809 1150 2858 moras,
1171 2793 1218 2842 nbi
1236 2797 1346 2845 moenia
1365 2793 1499 2845 Statilius
1517 2791 1630 2845 Taurus
1648 2799 1791 2864 imposuit,

559 2887 705 2940 sollemnia
725 2887 838 2940 Sentius
850 2887 1024 2939 Saturninus
1042 2891 1203 2951 enarravit,
1224 2905 1305 2957 qnnns
1324 2887 1588 2956 concordissimi,
1610 2896 1682 2958 toga
1696 2888 1794 2940 obluta

560 2991 614 3039 est.
647 2979 693 3038 lbi
713 2981 791 3038 enim
812 2977 904 3037 verba
924 2981 1071 3033 sollemnia
1090 2985 1240 3034 enarravit
1259 2979 1296 3036 ad
1316 2979 1464 3038 coloniam
1485 2981 1722 3058 inaugurandam
1743 2998 1794 3038 rc-

559 3075 715 3145 feruntur,
738 3075 925 3132 demonstrat
944 3084 1042 3130 sutem
1063 3075 1231 3150 exemplum
1250 3074 1387 3132 coloniae
1406 3077 1580 3145 Patrensis,
1602 3076 1725 3152 longum
1744 3077 1794 3132 in·

560 3169 677 3228 tendum
692 3171 836 3244 temporis
850 3168 1040 3226 intervallum
1054 3170 1133 3225 inter
1145 3167 1298 3226 decretum
1312 3169 1348 3225 de
1361 3170 1480 3226 colonia
1494 3170 1668 3228 deducenda
1681 3171 1792 3228 iactum

560 3266 713 3341 ipsamque
734 3266 798 3322 eius
818 3265 1080 3338 inaugurationem
1099 3263 1305 3332 intercidisse;
1332 3265 1371 3320 cf.
1393 3264 1504 3322 Eckhel
1524 3265 1570 3334 ll,
1592 3285 1620 3340 p.
1641 3265 1714 3336 2363
1734 3264 1790 3334 III,

560 3380 590 3436 p.
612 3361 679 3420 ³35.
720 3359 915 3435 Quapropter
941 3355 1008 3414 fieri
1034 3377 1107 3414 saue
1133 3360 1248 3433 potuit,
1276 3369 1309 3416 ut
1331 3359 1484 3416 decretum
1504 3359 1624 3435 quidem
1642 3359 1678 3416 de
1697 3359 1792 3416 deda·

560 3454 653 3512 canda
683 3453 800 3511 colonia
830 3453 1071 3528 Carthaginiensi
1097 3471 1177 3508 anuo
1207 3443 1263 3510 ⁷2⁵
1288 3449 1374 3509 fieret
1399 3453 1470 3521 (Dio
1489 3454 1544 3520 52,
1565 3454 1633 3521 43),
1664 3453 1791 3510 deducta

559 3569 633 3607 vero
659 3549 739 3606 eirca
763 3567 874 3604 anuum
894 3545 1013 3604 demum
1032 3547 1089 3604 740
1109 3550 1351 3623 inauguraretur.
1390 3546 1445 3605 Sin
1471 3559 1569 3605 autem
1595 3547 1791 3605 Saturninum

559 3645 693 3702 Africam
713 3643 828 3699 rexisse
848 3645 1052 3709 concesseris,
1074 3642 1203 3717 lapidem
1222 3640 1418 3699 Tiburtinum
1438 3642 1474 3699 ad
1495 3661 1562 3698 eum
1575 3661 1636 3700 non
1653 3652 1791 3718 spectare

558 3749 651 3814 patet.
691 3737 851 3794 Praeterea
871 3735 907 3793 Z.
923 3736 959 3792 de
980 3736 1093 3812 duplici
1112 3735 1262 3812 legatione
1282 3734 1408 3810 Syriaca
1428 3736 1524 3793 Sentii
1539 3736 1695 3794 Saturnini
1715 3737 1790 3793 nihil

559 3845 718 3900 constare,
740 3841 879 3889 constare
899 3842 1006 3888 contra
1026 3831 1061 3887 de
1077 3830 1208 3902 Quirinii
1228 3827 1389 3888 confitetur
1409 3839 1450 3906 (p.
1468 3831 1522 3888 108
1535 3843 1565 3888 et
1579 3851 1606 3906 p.
1622 3831 1699 3900 stt).
1729 3831 1788 3902 Qui

559 3947 649 4007 quum
678 3938 803 4003 propter
829 3923 952 3982 castella
971 3923 1250 3981 Homonadensium
1270 3934 1439 4000 expugnata
1460 3912 1651 4000 triumphalia
1670 3943 1790 4002 quoqne

558 4024 703 4081 meruisse
724 4040 741 4076 a
761 4021 868 4078 Tacito
891 4028 1034 4077 narretur
1054 4020 1148 4094 (Anu.
1171 4019 1231 4086 ΙΙΙ,
1253 4018 1320 4088 48),
1351 4019 1425 4076 nihil
1451 4031 1532 4076 certe
1556 4021 1697 4096 impedit,
1730 4039 1790 4098 quo

558 4121 658 4176 minus
684 4117 862 4174 sententiam
889 4113 1103 4172 Sanclementii
1129 4115 1304 4190 adoptamus
1313 4135 1321 4183 ς
1349 4113 1428 4191 quod
1457 4117 1536 4171 enim
1556 4115 1592 4172 Z.
1615 4117 1645 4171 in
1665 4114 1789 4191 expedi-

558 4209 690 4270 tionibus
712 4211 769 4269 illis
789 4211 862 4268 duas
881 4220 981 4267 tantas
1001 4209 1144 4267 victorias
1164 4209 1310 4267 accidisse
1330 4218 1437 4284 negat,
1464 4208 1543 4266 unde
1563 4209 1696 4285 duplices
1716 4229 1789 4286 sup·

558 4308 736 4384 plicationes
756 4307 1005 4375 decernerentur,
1027 4303 1058 4362 id
1078 4303 1182 4362 eodem
1201 4305 1267 4362 iure
1285 4304 1394 4381 aliquis
1410 4314 1622 4382 negarentque
1636 4301 1787 4363 affirmare

580 4404 700 4460 otuerit.

484 4423 614 4578 §hpsd
635 4517 666 4554 u.
688 4497 780 4556 5³95:
802 4492 971 4552 Rubellium
993 4489 1140 4548 Blandum
1160 4503 1229 4550 ante
1249 4511 1360 4551 annum
1381 4493 1437 4552 772
1455 4493 1553 4553 fasces
1570 4511 1633 4552 non
1646 4495 1786 4572 gessisse,

558 4595 644 4652 isatis
663 4588 837 4650 Antiatibus
865 4606 945 4646 nuuc
971 4595 1054 4662 patet
1080 4594 1125 4654 (n.
1149 4587 1246 4654 6442).
1286 4586 1386 4660 Quum
1410 4605 1484 4645 vero
1509 4591 1588 4646 inter
1613 4590 1786 4646 consulares

558 4707 637 4746 auno
657 4685 714 4746 774
734 4705 750 4741 a
771 4685 877 4743 Tacito
896 4683 1069 4740 nominetur
1088 4665 1183 4749 (Abu.
1204 4681 1263 4749 III,
1283 4682 1350 4751 51),
1379 4701 1460 4741 auno
1481 4695 1578 4740 autem
1597 4683 1653 4742 771
1671 4684 1708 4741 Ρ.
1728 4683 1787 4741 Pe-

556 4786 675 4844 tronius
694 4778 789 4840 Balbo
810 4777 952 4837 suffectus
973 4794 1040 4834 eum
1060 4774 1163 4834 Silano
1184 4775 1290 4832 consul
1306 4777 1415 4846 fuerit,
1441 4775 1579 4835 Rubellio
1599 4789 1786 4837 sextantum

557 4897 675 4936 menses
695 4878 879 4952 posteriores
900 4873 972 4930 anni
991 4873 1047 4930 773
1067 4881 1193 4940 restant,
1214 4869 1322 4947 quihus
1342 4890 1409 4930 cum
1422 4873 1524 4931 Annio
1537 4871 1674 4930 Pollione
1688 4873 1785 4930 fasces

557 4978 652 5052 gessit
671 4979 721 5040 (ex
740 4971 848 5027 litteris
870 4987 886 5023 a
905 4965 1072 5042 Borghesio
1091 4968 1214 5035 missis).

635 5067 672 5124 ad
691 5085 723 5124 ιι.
743 5065 835 5123 5398ι
864 5078 962 5137 nuper
986 5078 1016 5117 v.
1037 5061 1077 5120 cl.
1098 5060 1212 5118 Canius
1237 5061 1275 5118 ad
1299 5062 1443 5138 tenplum
1461 5061 1612 5121 Fortunae
1632 5061 1785 5124 muliebris

559 5165 711 5238 pertinere
730 5160 850 5218 titulum
871 5157 1029 5233 proposuit
1047 5158 1140 5227 (Anu.
1160 5155 1236 5216 lust.
1256 5156 1356 5239 Arcb.
1371 5156 1461 5231 test,
1481 5177 1512 5234 p.
1532 5158 1571 5218 54
1589 5165 1699 5237 sequ).
