4242 6117
372 905 583 989 exscripserat
610 905 662 969 vel
690 924 708 968 e
737 903 827 968 libris
855 910 1071 991 excerpserat,
1104 923 1226 968 summa
1250 921 1379 988 mecum
1409 902 1597 968 liberalitate

370 1028 603 1092 communicare
624 1028 762 1103 solebat,
784 1029 828 1091 ita
849 1036 958 1111 postea
980 1045 1060 1110 quas
1082 1045 1181 1089 novas
1204 1024 1415 1109 undecunque
1436 1031 1598 1109 praestan·

369 1150 465 1214 tiores
485 1149 712 1233 inscriptiones
732 1156 914 1232 acceperat,
935 1125 1120 1231 ¹descriptas
1148 1146 1226 1210 mibi
1255 1147 1359 1210 statim
1381 1145 1598 1220 transmiserit,

369 1291 470 1356 quare
497 1273 524 1336 si
551 1293 617 1336 oon
645 1275 688 1338 ita
716 1273 832 1337 multos
861 1271 969 1335 titulos
997 1272 1150 1334 memoria
1182 1269 1339 1352 digniores
1369 1269 1402 1331 iu
1425 1269 1504 1332 libro
1527 1289 1598 1334 mea

372 1394 548 1458 desiderari
570 1395 777 1470 indicaveris,
799 1395 832 1456 id
855 1413 968 1477 magna
983 1413 1024 1456 ex
1038 1399 1128 1474 parts
1143 1390 1351 1456 Mommsenio
1366 1392 1445 1456 scias
1460 1391 1599 1454 tribuen-

371 1516 447 1580 dum
469 1537 549 1582 esse.
593 1518 665 1600 lpse
688 1524 866 1600 praeterea,
893 1535 990 1599 quum
1013 1534 1096 1578 anno
1118 1510 1194 1576 l85l
1222 1513 1359 1578 berolini
1381 1531 1600 1588 commorarer,

368 1640 403 1701 in
421 1638 614 1702 bibliotheca
635 1640 722 1719 regia
743 1657 784 1701 ex
805 1637 911 1701 multis
926 1637 1122 1712 recentibus,
1144 1656 1225 1720 quos
1240 1636 1358 1698 Romae
1376 1634 1486 1700 deesse
1503 1653 1598 1698 nove·

370 1766 452 1835 mm,
473 1760 578 1835 libris,
600 1760 870 1846 ephemeridibus,
886 1759 1071 1824 societatum
1087 1759 1165 1824 actis
1179 1767 1382 1822 monumenta
1396 1757 1600 1840 epigrapbica

369 1880 538 1966 diligenter
559 1884 712 1965 excerpsi.

456 2003 603 2068 Collectis
625 2023 700 2069 vero
721 2005 814 2068 novis
835 2004 1093 2090 inscriptionibus
1124 2013 1244 2087 partem
1273 2010 1394 2066 tautum
1423 2003 1528 2084 operis
1548 2021 1600 2064 me

369 2126 541 2213 perlecisse
563 2125 701 2189 credidi:
735 2126 872 2190 restabat
892 2127 990 2191 altera
1010 2145 1102 2210 pars,
1131 2135 1168 2188 ut
1189 2125 1300 2190 titulos
1321 2125 1360 2188 ab
1383 2123 1503 2188 Orellio
1527 2143 1600 2206 pro·

369 2250 491 2334 positos
512 2248 742 2323 examinarem,
769 2249 804 2310 in
826 2249 1038 2312 sinceritatem
1059 2248 1271 2332 inquirerem,
1304 2267 1411 2311 veram
1433 2246 1600 2310 lectionem

368 2371 607 2454 investigarem,
641 2371 861 2434 adnotationes
894 2371 1032 2454 denique
1066 2371 1123 2443 viri
1156 2369 1329 2436 doctissimi
1362 2367 1600 2452 perpenderem.

370 2493 461 2557 Licet
481 2493 565 2555 enim
581 2492 736 2556 Orellium
759 2494 799 2555 de
822 2494 895 2556 crisi
917 2492 1118 2576 epigrapbica
1139 2493 1257 2576 optime
1278 2492 1423 2555 meritum
1439 2509 1509 2556 esse
1524 2491 1600 2554 satis

370 2620 511 2688 constet,
542 2633 639 2697 quum
669 2614 776 2678 multis
810 2615 939 2698 quidem
970 2614 1071 2678 titulis
1103 2613 1248 2678 falsitatis
1273 2623 1382 2678 notam
1407 2612 1600 2696 apposuerit,

371 2735 471 2798 molta
486 2734 685 2799 falsariorum
701 2737 829 2801 nomina
842 2738 1008 2811 notaverit,
1024 2737 1110 2802 baud
1128 2757 1244 2819 paucas
1259 2745 1363 2800 temen
1377 2736 1598 2818 inscriptiones

368 2865 480 2941 aperta
502 2857 625 2940 spurias
645 2866 682 2921 ut
702 2859 856 2942 genuinas
878 2859 1055 2924 collectioni
1078 2879 1153 2922 suae
1175 2859 1326 2931 inseruit,
1348 2858 1471 2942 spurias
1491 2863 1600 2920 eontra

370 2978 525 3043 iudicavit
553 2981 705 3062 genuinas
733 2981 903 3045 nonnullas
933 2981 1000 3045 sive
1029 2980 1133 3046 adbuc
1160 2982 1361 3064 superstites,
1395 2979 1462 3045 sive
1483 2998 1502 3041 a
1523 2977 1598 3042 viris

369 3099 432 3164 lide
455 3100 649 3184 dignissimis
671 3101 747 3164 olim
771 3103 956 3185 exscriptas.
999 3104 1111 3185 Neque
1123 3103 1193 3166 lieri
1210 3111 1346 3186 poterat,
1370 3101 1446 3186 quin
1463 3099 1599 3166 Orellius

369 3229 479 3306 utpote
500 3222 570 3286 sola
593 3221 744 3286 librorum
767 3244 828 3306 ope
849 3226 1004 3299 munitus,
1027 3225 1104 3287 artis
1126 3233 1231 3288 autem
1247 3224 1376 3307 'lapides
1399 3223 1597 3288 exscribendi

370 3354 403 3408 et
423 3344 585 3427 imperitus
615 3352 648 3406 et
676 3345 839 3427 negligens
869 3345 969 3426 (cuius
1001 3346 1046 3409 rei
1075 3346 1357 3410 luculentissimum
1388 3347 1599 3410 testimouium

369 3466 592 3548 inscriptiones
619 3466 772 3548 praebent
797 3466 993 3542 Helveticae,
1032 3487 1111 3552 quas
1137 3467 1248 3544 facile,
1278 3469 1303 3530 si
1333 3468 1501 3540 voluisset,
1530 3468 1599 3549 ipse

370 3587 526 3671 potuisset
548 3586 756 3670 exscribere),
790 3608 899 3670 parom
933 3599 1077 3653 accurate
1099 3609 1328 3674 nonnunquam
1360 3589 1598 3670 inscriptionum

371 3716 492 3772 textam
515 3711 736 3784 constitueret,
758 3732 776 3772 e
799 3710 894 3773 variis
917 3711 1105 3774 lectionibus
1128 3711 1232 3774 minus
1255 3719 1370 3774 rectam
1388 3711 1536 3795 eligeret,
1560 3709 1600 3776 de

370 3840 538 3895 auctorum
560 3829 623 3894 lide
643 3832 725 3894 male
746 3832 909 3896 iudicaret.
953 3833 1042 3907 Quae
1069 3853 1167 3917 quum
1189 3835 1233 3898 ita
1256 3842 1376 3908 essent,
1408 3852 1474 3897 noo
1496 3833 1600 3916 ingra-

369 3963 435 4018 tum
457 3954 534 4016 viris
556 3952 655 4018 doctis
677 3955 816 4018 laborem
839 3974 888 4016 me
906 3962 1126 4036 suscepturum
1142 3975 1212 4018 esse
1228 3955 1409 4029 credebam,
1432 3957 1459 4020 si
1474 3939 1600 4037 praeter

370 4076 591 4161 supplementa
607 4077 687 4140 libro
702 4076 863 4140 Orelliauo
877 4053 1060 4158 corrigenda
1077 4098 1205 4162 quoque
1220 4077 1441 4159 adiungerem,
1458 4078 1599 4160 quamvis

368 4219 470 4282 pauca
484 4198 539 4262 illa
554 4200 683 4282 quidem
700 4208 733 4262 et
745 4199 941 4272 inordinata,
963 4200 1071 4283 qualia
1085 4201 1117 4261 iu
1133 4199 1256 4262 schedis
1272 4198 1350 4262 meis
1364 4197 1598 4262 adnotaveram.

368 4322 479 4404 Neque
505 4321 588 4383 enim
611 4322 717 4384 omnia
739 4339 789 4382 ma
811 4321 988 4384 correxisse
1010 4320 1173 4403 praedico,
1203 4339 1282 4403 quac
1306 4319 1491 4402 corrigenda
1513 4321 1595 4404 apud

367 4440 521 4505 Orellium
545 4450 689 4517 essunt,
712 4463 770 4505 neo
793 4442 922 4516 dubito,
945 4442 1021 4524 quin
1044 4461 1104 4525 ego
1127 4461 1254 4526 quoque
1269 4443 1425 4507 interdum
1440 4443 1596 4506 sincerum

366 4570 607 4628 monumentum
635 4566 789 4649 spurium,
820 4564 959 4645 spurium
988 4564 1145 4626 sincerum
1175 4564 1408 4628 declaraverim.
1451 4564 1485 4628 ld
1510 4564 1595 4648 quod

367 4706 425 4749 eos
445 4686 539 4749 facile
562 4685 794 4752 condonaturos
812 4707 882 4750 esse
898 4688 980 4761 scio,
1002 4686 1058 4768 qui
1074 4686 1218 4770 quamvis
1232 4687 1407 4771 paullulum
1422 4687 1470 4750 bis
1485 4687 1596 4751 litteris

368 4807 466 4872 studii
499 4808 721 4892 impenderint.
775 4809 924 4872 Deleotus
958 4809 1043 4871 enim
1076 4808 1171 4890 plaue
1204 4817 1354 4892 purgatus
1387 4808 1597 4892 omnibusque

368 4930 508 4993 numeris
542 4931 727 4994 emendatus
759 4932 821 4993 nisi
854 4931 1019 5013 explorata
1046 4939 1140 4994 antea
1172 4938 1203 4994 el
1232 4931 1412 4994 examinata
1444 4932 1528 4994 omni
1562 4949 1595 4994 re

369 5051 570 5136 epigrapbica
593 5052 716 5117 institui
737 5052 865 5137 neqoit3
887 5073 985 5134 quare
1008 5053 1119 5121 merito
1141 5053 1274 5117 tortasse
1298 5052 1374 5117 mibi
1397 5051 1516 5116 crimini
1542 5051 1596 5114 da·
