4242 6117
513 762 535 800 Χ

512 906 611 980 bitur,
634 905 720 990 quod
741 911 816 969 ante
831 904 951 970 editum
966 905 1088 988 Corpus
1102 905 1343 987 inscriptionum
1359 905 1543 970 Latinarum
1561 905 1740 971 universale

512 1027 597 1092 bunc
618 1028 734 1092 librum
754 1027 873 1112 publici
895 1029 974 1092 iuris
994 1027 1132 1091 fecerim.
1170 1027 1242 1103 Quo
1264 1034 1370 1091 autem
1391 1035 1534 1110 tempore
1556 1047 1637 1111 opus
1652 1029 1741 1112 equi·

513 1151 585 1215 dem
606 1148 768 1223 inchoavi,
790 1148 963 1215 verendum
979 1156 1064 1224 erat,
1085 1169 1126 1212 ne
1142 1148 1261 1231 Corpus
1286 1149 1382 1224 illud,
1405 1150 1431 1212 si
1446 1149 1577 1214 omnino
1592 1150 1626 1214 iu
1639 1151 1742 1215 lucem

513 1273 710 1356 proditurum
731 1280 831 1347 esset,
853 1273 973 1336 incerta
994 1278 1089 1356 atquo
1111 1269 1234 1338 infirma
1257 1273 1407 1338 librorum
1422 1275 1621 1359 potissimum
1636 1281 1743 1337 aucto·

512 1396 606 1459 ritate
626 1394 789 1458 niteretur.
833 1395 1004 1477 Sperabam
1027 1396 1138 1478 igitur,
1161 1397 1187 1460 si
1211 1396 1317 1460 multis
1340 1397 1495 1480 exemplis
1509 1397 1613 1461 allatis
1629 1397 1742 1462 malem

514 1537 623 1581 eorum
644 1517 862 1581 condicionem
885 1518 959 1583 siris
988 1517 1088 1580 doctis
1116 1519 1319 1602 probassem,
1347 1519 1382 1581 in
1411 1521 1514 1602 ipsum
1547 1519 1667 1603 Corpus
1694 1519 1744 1582 iu·

512 1639 718 1724 scriptionum
739 1637 905 1736 utilitatem
926 1639 1085 1723 quandam
1108 1640 1181 1703 inde
1195 1639 1439 1704 redundaturum
1458 1661 1537 1704 esse.
1571 1643 1743 1724 Postquam

512 1781 588 1826 vero
609 1761 838 1825 Mommsenius
867 1781 998 1843 corpore
1027 1763 1276 1845 praeclarissimo
1303 1763 1543 1848 inscriptionum
1564 1763 1743 1846 Neapolita·

513 1905 625 1947 narum
647 1884 731 1947 edito
754 1883 899 1947 omnibus
922 1885 1092 1965 persuasit,
1125 1905 1184 1948 nec
1207 1883 1351 1948 sufficere
1373 1886 1471 1949 libros
1494 1886 1534 1948 ad
1557 1905 1646 1948 veras
1668 1887 1743 1948 titu-

514 2008 617 2070 lorum
640 2006 791 2070 lectiones
813 2006 1042 2079 restituendas,
1076 2014 1109 2070 et
1134 2005 1253 2090 ubique
1283 2027 1409 2090 semper
1433 2007 1473 2070 ad
1495 2008 1612 2082 fontes,
1644 2015 1679 2071 ut
1700 2007 1744 2070 ita

514 2129 634 2204 dicam,
654 2127 783 2192 ultimos
804 2126 1002 2192 redeundum
1025 2149 1110 2203 esse,
1132 2128 1293 2192 academia
1314 2138 1418 2194 autem
1441 2131 1529 2212 regia
1542 2130 1744 2196 scientiarum

513 2250 680 2314 Borussica
701 2251 735 2313 in
757 2271 890 2334 corpora
910 2250 1153 2333 inscriptionum
1172 2251 1354 2314 Latinarum
1377 2251 1560 2315 adornando
1583 2252 1650 2315 eius
1669 2271 1745 2314 oon·

512 2373 586 2436 silia
607 2374 814 2436 strationem
835 2373 929 2455 plane
951 2373 1130 2457 adoptarit,
1159 2372 1258 2438 nibilo
1286 2374 1391 2436 minus
1414 2393 1494 2456 opus
1517 2394 1622 2437 meum
1642 2393 1744 2456 paene

512 2494 692 2560 absolutum
713 2514 819 2577 neque
841 2494 1055 2558 abiiciendum
1077 2515 1181 2578 neque
1204 2496 1237 2558 in
1260 2495 1385 2558 occulto
1408 2495 1653 2578 relinquendum
1675 2514 1745 2558 esse

514 2617 641 2689 censui,
664 2615 691 2677 si
715 2615 842 2697 quidem
864 2616 949 2680 baud
973 2637 1092 2698 paucos
1114 2637 1216 2680 annos
1231 2620 1417 2681 transituros
1434 2637 1504 2680 esse
1520 2625 1621 2700 patet,
1643 2618 1746 2699 prius·

515 2759 610 2822 quam
642 2758 788 2820 magnum
818 2738 897 2802 illud
924 2739 1086 2822 inceptum
1117 2741 1156 2803 ad
1185 2737 1277 2802 finem
1311 2740 1442 2823 perduci
1471 2740 1604 2824 poterit;
1637 2741 1744 2813 immo,

514 2859 628 2926 librum
654 2882 772 2937 mcum,
801 2862 1030 2944 qualiscunque
1053 2868 1115 2936 est,
1149 2882 1207 2944 pro
1238 2871 1378 2944 tempore
1407 2869 1490 2926 certe
1519 2863 1745 2926 subventurum

514 3006 585 3049 esse
607 3005 700 3068 spero
723 2984 883 3048 desiderio
905 3004 1028 3057 eorum,
1063 2984 1120 3067 qui
1150 2985 1208 3047 arti
1237 2984 1456 3067 epigraphicae
1483 2991 1513 3047 et
1535 2985 1745 3048 Romanarum

513 3108 736 3192 antiquitatum
758 3107 908 3170 scientiae
931 3125 1060 3188 operam
1084 3105 1168 3168 dant.

598 3231 634 3293 ln
656 3227 916 3312 inscriptionibus
946 3249 1021 3290 vero
1048 3247 1068 3290 a
1097 3249 1146 3292 me
1174 3228 1346 3310 propositis
1372 3228 1460 3303 licet,
1495 3237 1647 3312 quantum
1677 3223 1745 3289 fieri

515 3360 649 3438 poterat,
672 3370 820 3415 versuum
835 3350 1102 3426 distributionem,
1125 3350 1411 3433 interpunctionem
1428 3351 1611 3424 verborum,
1633 3370 1745 3424 nexus,

514 3475 616 3538 sicubi
640 3479 745 3548 erant,
768 3473 943 3537 litterarum
964 3483 1109 3536 accurate
1132 3472 1350 3548 indicaverim,
1374 3474 1405 3535 in
1426 3472 1620 3556 corrigendis
1639 3479 1746 3534 tamen

513 3597 613 3661 titulis
635 3596 802 3659 Orellianis
825 3596 917 3660 aliter
938 3603 1082 3658 versatus
1105 3615 1193 3671 sum;
1216 3614 1288 3658 nam
1310 3594 1390 3657 fines
1413 3595 1493 3658 libro
1508 3595 1629 3678 positos
1645 3603 1746 3658 trans·

513 3738 639 3803 gressus
662 3738 782 3791 essem,
813 3717 839 3780 si
862 3738 972 3781 omnes
995 3717 1066 3780 illas
1089 3717 1239 3780 minutias
1262 3717 1421 3800 corrigere
1443 3716 1633 3791 voluissem,
1656 3735 1747 3799 prae·

519 3842 627 3906 sertim
650 3861 747 3924 quum
771 3859 852 3923 opus
873 3839 976 3921 ipsum
993 3859 1103 3902 eorum
1120 3841 1219 3922 magis
1233 3839 1305 3902 usui
1322 3839 1513 3902 destinatum
1528 3859 1598 3902 esse
1612 3845 1745 3912 constet,

515 3965 571 4048 qui
593 3963 834 4047 antiquitatum,
867 3981 961 4044 quam
990 3962 1046 4045 qui
1076 3962 1122 4024 rei
1145 3962 1368 4044 epigraphicae
1398 3961 1502 4025 studio
1533 3959 1631 4023 dediti
1662 3967 1745 4022 sunt.

514 4088 552 4150 ln
582 4087 649 4148 illis
677 4095 801 4159 autem,
834 4105 914 4167 quas
944 4084 1028 4158 dixi,
1062 4084 1205 4147 minutiis
1235 4083 1445 4167 epigraphicis
1474 4101 1569 4164 quam
1596 4081 1745 4144 socordes

515 4209 653 4272 editores
687 4209 876 4271 vetustiores
907 4207 1044 4280 fuerint,
1078 4207 1132 4268 vix
1167 4214 1216 4270 est
1250 4208 1333 4290 quod
1364 4223 1526 4278 moneam
1559 4203 1611 4266 hie
1641 4204 1746 4286 ipsum

513 4329 668 4394 Orellium
697 4338 807 4392 notare
838 4329 932 4392 liceat
963 4349 1028 4392 non
1059 4330 1129 4393 sine
1159 4329 1288 4393 arbitrio
1319 4326 1477 4392 interdum
1510 4323 1606 4389 falsas
1639 4325 1746 4408 potius

513 4453 723 4537 cogitationes
744 4471 836 4526 suas,
859 4471 954 4534 quam
976 4453 1156 4515 testimonia
1177 4460 1338 4516 auctorum
1363 4454 1504 4513 secutum
1520 4467 1604 4520 esse,
1627 4447 1747 4530 quippe

515 4576 570 4659 qui
594 4594 622 4637 e.
644 4594 692 4657 g„
714 4574 898 4656 ubieunque
920 4575 933 4634 i
954 4574 1091 4656 simplex
1113 4593 1170 4655 pro
1193 4572 1351 4654 duplicata
1373 4570 1406 4630 in
1426 4569 1639 4632 monumentis
1653 4568 1747 4631 obvia

516 4706 579 4773 est,
612 4696 723 4761 altiore
753 4696 875 4759 litterae
902 4695 1003 4778 figura
1026 4695 1059 4757 id
1086 4694 1289 4758 indicandum
1312 4710 1382 4754 esse
1405 4693 1573 4754 censuerit.
1597 4723 1635 4736 -
1660 4691 1748 4753 Sicut

516 4827 620 4884 autem
641 4820 760 4903 ubique
782 4839 820 4882 ea
842 4818 937 4882 modo
959 4817 1127 4900 proposui,
1151 4836 1232 4898 quae
1255 4813 1390 4878 maxime
1405 4812 1583 4878 necessaria
1599 4813 1748 4876 videban-

515 4951 567 5007 tur
587 4962 675 5015 esse,
706 4943 751 5005 ita
770 4942 805 5005 in
826 4939 1110 5004 commemorandis
1139 4957 1268 5022 quoque
1293 4937 1532 5022 inscriptionum
1555 4932 1746 5008 editionibus

517 5065 558 5128 de
579 5065 712 5128 consilio
734 5084 828 5147 saepe
844 5084 898 5127 eas
913 5062 1023 5136 omisi,
1046 5081 1127 5146 quas
1141 5068 1251 5143 postea
1266 5067 1424 5124 correctas
1438 5076 1509 5121 esse
1526 5074 1747 5140 cognoveram.
