4242 6117
492 1862 617 1944 ingenti
638 1857 836 1938 humarum}
865 1881 948 1946 quae
970 1869 1044 1946 post
1065 1864 1182 1928 editam
1205 1865 1424 1929 collectionem
1446 1861 1640 1924 Orelliannm

408 1985 510 2048 lucem
529 1983 691 2060 siderant,
724 1986 969 2068 inscriptionum
996 2005 1128 2050 numero
1157 1988 1226 2070 ipse
1251 1987 1314 2050 iam
1337 1985 1475 2050 Orellius
1497 2005 1525 2048 c.
1547 2003 1588 2047 m.
1610 2003 1640 2046 r.
1691 2079 1693 2086 Ι

406 2106 558 2169 inductus
588 2113 653 2180 est,
682 2114 717 2169 ut
742 2107 775 2168 in
804 2107 1058 2191 supplementum
1087 2109 1192 2192 operis
1222 2109 1372 2172 volumen
1394 2108 1520 2172 tertium
1549 2123 1641 2190 prae·

406 2233 545 2312 pararet,
579 2229 671 2294 cuius
699 2228 755 2290 rix
781 2229 927 2312 quintum
954 2229 1068 2292 lolium
1097 2230 1187 2314 prelo
1216 2231 1398 2294 mandatum
1428 2237 1509 2303 erat,
1542 2247 1641 2312 quum

407 2357 520 2414 auctor
541 2356 643 2413 morte
664 2349 814 2434 abreptus
837 2358 894 2414 est
938 2352 986 2416 lta
1006 2358 1111 2416 autem
1140 2371 1258 2416 norum
1279 2353 1429 2416 volumen
1451 2351 1641 2425 instituerat,

409 2481 444 2534 ut
465 2472 575 2536 titulos
604 2491 646 2536 ex
671 2473 760 2538 libris
788 2475 1014 2548 recentiorum,
1044 2473 1200 2551 t'rervasii,
1230 2474 1462 2549 Kellcrmanni,
1492 2471 1643 2546 Lerscbii,

409 2595 543 2658 aliorum
567 2604 734 2679 excerptos
756 2597 825 2659 aina
846 2596 914 2659 ullo
936 2595 1049 2660 ordine
1073 2587 1186 2660 endem
1209 2597 1304 2660 modo
1328 2597 1554 2669 conscriberet,
1573 2613 1640 2678 'quo

408 2720 441 2780 in
462 2718 609 2781 ultimum
630 2718 730 2800 ipsius
752 2718 949 2782 collectionis
972 2726 1070 2804 caput
1090 2719 1240 2783 Analecta
1263 2721 1418 2802 quaedam
1441 2725 1644 2801 congesserat

411 2849 442 2904 et
474 2840 544 2922 ipsa
573 2858 613 2902 ex
639 2839 728 2902 libris
759 2840 941 2923 desumpta,
973 2859 1110 2924 quorum
1146 2841 1245 2906 serius
1281 2842 1309 2904 ei
1339 2841 1429 2924 copia
1455 2840 1538 2904 iacta
1565 2846 1643 2904 erat.
1754 2905 1766 2926 ,Δ

409 2963 481 3038 Qua
502 2962 624 3026 ratione
646 2963 797 3029 scribenti
819 2963 948 3047 quidem
971 2963 1139 3027 commoda
1161 2984 1198 3026 ac
1219 2963 1384 3038 facillima,
1409 2965 1542 3026 ¹lectoris
1564 2983 1640 3027 vero

409 3104 504 3168 quam
527 3083 664 3148 maxime
685 3083 886 3148 incommoda
915 3084 1085 3149 utilitatem
1110 3087 1215 3169 operis
1244 3087 1336 3150 valde
1364 3087 1564 3149 imminutum
1590 3086 1639 3162 iri,

408 3207 477 3288 ipse
498 3207 547 3269 vir
566 3205 680 3270 doctus
698 3206 816 3270 mirem
839 3214 887 3270 est
914 3208 999 3290 quod
1021 3226 1087 3269 uon
1108 3208 1281 3292 perspexit
1325 3207 1432 3283 Quum
1453 3206 1549 3290 igitur
1569 3214 1642 3290 post

407 3335 542 3392 mortem
564 3328 633 3391 eiua
656 3327 778 3391 librarii
800 3328 940 3392 editores
969 3329 1167 3393 collectionis
1190 3328 1370 3393 Orellieuae
1393 3327 1641 3392 condonandum

410 3466 490 3532 opus
512 3449 589 3512 rnibi
611 3450 874 3526 demandassent,
898 3458 934 3514 ut
953 3458 1076 3534 partem
1097 3452 1182 3536 typis
1205 3451 1394 3534 descriptam
1416 3450 1642 3525 rescinderent,

407 3571 501 3636 facile
523 3573 563 3635 ab
587 3573 628 3636 ils
648 3573 833 3655 impetravi,
863 3573 933 3656 ipse
953 3592 1030 3636 vero
1051 3575 1085 3636 in
1111 3571 1195 3636 libro
1225 3570 1410 3636 adornando
1433 3573 1478 3636 ita
1498 3579 1642 3636 versatus

411 3713 496 3768 snm,
516 3700 553 3757 ut
574 3694 716 3777 priorum
730 3682 926 3759 voluminum
942 3697 1098 3760 rationem
1112 3697 1233 3781 ubique
1248 3703 1375 3759 secutus
1391 3713 1477 3758 meos
1493 3694 1642 3778 equidem

408 3817 518 3880 titulos
540 3835 598 3899 per
618 3816 730 3880 eadem
753 3818 857 3900 capite
870 3825 966 3900 etque
982 3817 1121 3882 Orellius
1137 3819 1346 3902 disponerem.
1380 3819 1417 3879 In
1431 3809 1642 3880 monumentis

408 3946 514 4002 tamen
536 3938 714 4021 deligendis
735 3957 807 4002 raro
828 3947 952 4002 tantum
968 3940 1091 4022 magnis
1106 3940 1350 4022 inscriptionum
1365 3919 1550 4022 corporibus
1564 3957 1643 4004 naus

409 4078 490 4123 snm.
527 4060 727 4144 Quamquam
750 4063 852 4136 enim,
874 4063 901 4126 ri
923 4081 1042 4124 norum
1065 4063 1192 4124 omnino
1216 4061 1371 4124 delectum
1394 4061 1642 4136 instituere,ch

409 4182 539 4247 alteram
562 4184 668 4267 operis
684 4183 838 4247 Orelliaui
860 4182 1030 4247 editionem
1051 4201 1161 4265 parare
1177 4183 1331 4256 licuisset,
1354 4181 1519 4263 permultis
1535 4202 1641 4246 eorum

407 4305 670 4387 inscriptionibus
696 4307 736 4368 eb
765 4305 886 4368 Orellio
915 4305 1147 4389 praetermissis
1176 4323 1226 4368 me
1258 4303 1363 4366 locum
1396 4304 1542 4368 daturum
1573 4323 1642 4368 csse

408 4425 493 4490 baud
516 4423 633 4491 infitias
654 4428 723 4503 ibo,
745 4427 847 4491 nihilo
870 4435 975 4491 umen
995 4427 1102 4490 minue
1118 4445 1155 4489 ea
1170 4425 1368 4509 potissimum
1384 4426 1490 4509 operis
1505 4426 1644 4509 suscepti

408 4549 491 4612 ratio
505 4566 577 4612 esse
592 4547 744 4624 debebat,
768 4557 804 4613 ut
817 4550 916 4614 titulis
928 4548 969 4612 ab
985 4549 1041 4611 illo
1056 4548 1200 4612 collectis
1216 4555 1420 4612 monumenta
1435 4549 1643 4632 adiungeren-

410 4676 461 4732 tur
482 4687 595 4732 recens
616 4672 733 4735 effossa
753 4671 805 4735 sel
827 4670 1002 4754 divulgata,
1023 4671 1075 4734 rel
1097 4689 1179 4754 quae
1202 4670 1315 4734 melius
1338 4670 1551 4752 exscriptam
1570 4669 1644 4732 illu·

409 4797 507 4855 strata
528 4790 657 4854 maioris
678 4811 764 4856 nunc
786 4811 881 4876 quam
908 4801 1003 4857 antea
1031 4794 1182 4856 momenti
1209 4811 1278 4856 esse
1300 4789 1491 4854 siderentur.
1535 4788 1642 4864 Quum

411 4913 496 4978 enim
521 4900 673 4996 corpora,
706 4913 746 4978 de
775 4916 891 4999 quibus
920 4916 1008 4990 dixi,
1043 4899 1286 4999 inscriptionum
1315 4918 1348 4976 ct
1380 4931 1461 4996 quae
1489 4910 1551 4974 alia
1572 4919 1645 4976 ante

411 5033 566 5100 Orellium
587 5036 901 5122 operaepiprapblca
916 5039 1098 5122 conscripta
1113 5044 1199 5112 sunt,
1219 5037 1253 5100 in
1269 5034 1430 5121 plerisque
1444 5031 1646 5100 bibliothecis
