4242 6117
420 953 532 1035 Neqoe
553 951 821 1035 reprebensurnm
843 972 893 1016 me
922 971 1115 1036 quemquam
1143 972 1213 1017 esee
1241 951 1372 1037 opinor,
1406 951 1494 1036 quod
1521 952 1652 1018 nomina

419 1074 682 1159 praetermiserim
716 1076 907 1158 scriptorum
940 1075 1086 1150 illorum,
1120 1077 1175 1160 qui
1208 1075 1247 1138 de
1279 1075 1373 1140 rebus
1406 1075 1651 1158 municipalibus

418 1197 701 1279 Neapolitanorum
723 1197 822 1262 libros
843 1199 1119 1282 conscripserunt,
1148 1217 1283 1282 quorum
1313 1205 1516 1266 monumenta
1544 1198 1651 1262 omnia

419 1340 505 1384 nuno
527 1319 613 1403 apud
636 1319 879 1384 blommaenium
901 1321 1066 1404 leguntur,
1098 1320 1256 1384 neminem
1278 1319 1488 1404 negligentiae
1510 1321 1650 1386 accusari

419 1442 541 1517 aciens,
575 1444 632 1526 qui
654 1443 822 1506 Gruterum
851 1451 883 1505 et
904 1443 1114 1537 bluratorium
1140 1463 1234 1526 quam
1257 1441 1362 1507 fontes
1383 1443 1497 1506 barum
1518 1442 1649 1508 laudare

419 1565 577 1628 maluerit.
620 1564 697 1628 llioa
717 1565 814 1648 igitur
834 1573 901 1630 tum
925 1565 1029 1628 solum
1050 1566 1228 1640 nominari,
1250 1585 1349 1649 quum
1371 1570 1426 1627 aut
1442 1562 1483 1627 ad
1497 1565 1651 1647 interpre-

419 1687 570 1750 tationem
592 1688 788 1752 monumenti
809 1687 930 1772 aliquid
952 1687 1165 1762 contulerant,
1185 1697 1250 1752 aut
1270 1687 1365 1752 lectio
1389 1706 1498 1751 eornm
1520 1705 1539 1748 a
1561 1693 1651 1750 textu

419 1811 669 1874 Mommseniano
691 1810 735 1873 ita
763 1810 946 1885 differebat,
977 1818 1014 1872 ut
1041 1830 1100 1894 pro
1129 1817 1215 1876 certo
1246 1808 1412 1873 diiudicari
1441 1827 1507 1872 non
1532 1815 1649 1892 posset,

420 1951 502 2016 qnae
522 1951 598 1995 vera
621 1931 715 1996 lectio
737 1940 833 1996 esset.
855 1933 1059 1996 -Eandem
1082 1951 1176 2014 porro
1205 1932 1307 2015 legem
1337 1931 1532 1995 adducendis
1554 1931 1650 1996 variis

419 2053 607 2118 lectionibus
628 2054 736 2137 poeui,
759 2074 839 2136 quae
861 2053 988 2117 silentio
1012 2055 1223 2136 praetermisi,
1249 2054 1376 2137 quoties
1398 2054 1464 2116 aive
1486 2052 1555 2135 ipse
1577 2053 1650 2116 titu-

419 2177 485 2241 lum
507 2177 612 2240 denuo
641 2176 812 2258 exscripsi,
845 2177 911 2239 aive
933 2196 952 2239 a
974 2183 1054 2239 teate
1085 2175 1223 2259 quodam
1250 2173 1311 2239 fide
1340 2175 1437 2259 digno
1468 2174 1648 2258 exemplum

419 2300 489 2362 eiua
511 2299 713 2362 emendatum
735 2298 854 2380 accepi.
889 2297 1033 2360 Ceterum
1056 2298 1126 2380 ipsa
1148 2306 1259 2362 natura
1281 2297 1353 2361 iibri
1375 2317 1459 2362 nora
1479 2297 1648 2381 praecipue

419 2420 611 2485 documenta
633 2420 789 2502 complexi
813 2441 849 2482 ea
872 2428 937 2495 eet,
964 2421 1123 2484 utrarios
1146 2420 1252 2484 variae
1273 2420 1426 2484 lectiones
1448 2419 1648 2484 exhibendae

419 2543 614 2607 aiut-21n
637 2543 895 2606 adnotationibus
921 2543 1076 2606 rationem
1100 2542 1212 2608 Orellii
1243 2561 1302 2624 ego
1334 2560 1462 2626 quoque
1490 2541 1648 2624 adoptari.

502 2666 627 2729 Indices
649 2665 787 2749 denique
807 2685 904 2749 quum
920 2667 953 2728 in
968 2665 1050 2727 libro
1066 2665 1227 2728 Orelliano
1242 2685 1355 2748 magna
1370 2683 1440 2728 cum
1456 2666 1649 2748 negligentia

422 2790 622 2872 conscriptos
645 2809 716 2853 esse
739 2789 934 2871 experientia
956 2807 1052 2871 saepe
1075 2783 1208 2851 edoctus
1229 2809 1347 2863 essem,
1379 2787 1543 2852 molestum
1567 2787 1649 2850 ultra

419 2912 559 2976 modum·
579 2921 611 2975 et
642 2911 826 2976 diuturnum
860 2911 1001 2975 laborem
1031 2911 1247 2992 suscepi,ut
1274 2910 1365 2973 novis
1397 2909 1457 2973 tria
1488 2910 1648 2974 volumina

418 3035 575 3100 indicibus
596 3036 793 3098 instruerem.
837 3035 873 3098 ln
897 3034 1013 3119 quibus
1034 3033 1241 3098 conficiendis
1264 3033 1425 3116 egregium
1448 3033 1647 3097 Mommsenii
1738 3097 1742 3102 ,

418 3159 451 3220 in
467 3157 727 3241 inscriptionibus
743 3158 841 3240 llegni
857 3156 1056 3241 Neapolitani
1080 3155 1260 3239 exemplum
1282 3157 1326 3218 ita
1346 3163 1472 3219 secutus
1494 3175 1581 3230 eum,
1602 3163 1646 3234 ut,

419 3298 502 3364 quae
528 3278 652 3342 indoles
681 3279 804 3342 diversa
831 3280 903 3344 libri
931 3280 992 3342 mei
1021 3279 1220 3362 postulabat,
1247 3280 1458 3353 immutarem,
1487 3279 1646 3356 adderem,

419 3402 605 3464 omitterem.
654 3401 695 3463 Et
723 3401 814 3464 omisi
844 3401 971 3485 quidem
1004 3400 1126 3464 indices
1159 3401 1321 3465 nominum
1354 3407 1385 3464 et
1413 3403 1646 3485 cognominum,

419 3523 534 3607 quibua
556 3522 672 3587 librum
695 3542 797 3586 meum
819 3525 922 3587 minue
944 3543 1038 3606 egere
1067 3523 1150 3586 clare
1179 3532 1327 3606 apparet3
1359 3543 1431 3586 nam
1457 3523 1646 3606 praecipuus

419 3665 527 3710 eorum
549 3667 624 3709 uaus
649 3645 677 3708 ie
699 3654 762 3720 est,
784 3653 821 3708 ut
836 3647 868 3708 in
885 3647 1007 3730 magnis
1022 3648 1260 3728 inscriptionum
1276 3645 1516 3709 collectionibus
1530 3646 1646 3728 singuli

419 3768 504 3831 tituli
525 3768 650 3832 facilius
672 3769 803 3851 reperiri
824 3770 958 3852 possint.
1003 3769 1092 3852 Opus
1120 3777 1225 3832 autem
1248 3767 1440 3832 Orellianum
1464 3787 1578 3848 quum,
1612 3776 1647 3830 ut

418 3898 510 3954 antea
533 3890 614 3964 dixi,
643 3911 706 3954 non
728 3897 791 3954 tam
813 3892 888 3955 artis
911 3885 1147 3976 epigrapbioae‘,
1176 3911 1271 3976 quam
1293 3891 1511 3973 antiquitatum
1535 3890 1647 3953 llomn·

418 4029 530 4076 narum
564 4012 714 4076 studiosis
745 4012 933 4076 destinatum
964 4015 1021 4088 ait,
1054 4035 1158 4076 rerum
1192 4012 1347 4077 indicibus
1381 4033 1476 4096 quam
1509 4013 1645 4076 maxime

419 4136 570 4198 accuratis
592 4134 749 4218 indigere,
779 4137 942 4201 nominum
970 4155 1045 4198 vero
1068 4134 1172 4198 indice
1195 4153 1301 4198 carere
1323 4155 1418 4217 posse
1439 4135 1644 4198 concesseris.

417 4259 530 4342 Neque
561 4258 594 4320 iu
627 4257 733 4321 indice
762 4258 973 4342 geographico
1006 4258 1201 4322 luculentum
1233 4256 1431 4321 Mommsenii
1466 4258 1644 4338 exemplum

418 4379 558 4442 imitatus
580 4400 659 4443 eum.
704 4380 856 4456 Quamvis
878 4379 963 4443 enim
985 4379 1140 4454 indicem,
1163 4380 1290 4463 qualem
1312 4380 1538 4443 Mommsenius
1561 4399 1646 4442 com·

418 4503 541 4584 posuit,
576 4503 780 4566 utilissimum
811 4501 979 4565 lectoribus
1010 4522 1080 4564 esee
1111 4521 1170 4585 ego
1201 4509 1284 4566 certe
1313 4501 1448 4565 libenter
1469 4520 1645 4584 agnoscam,

418 4624 543 4688 diversa
566 4631 670 4686 tamen
694 4643 824 4706 operum
846 4624 1088 4688 Mommseniani
1111 4632 1143 4687 et
1164 4624 1315 4688 Orelliani
1338 4623 1525 4688 condicione
1548 4623 1645 4688 cilici·

417 4753 485 4821 tur,
506 4754 542 4810 ut
561 4744 648 4808 illius
662 4745 743 4808 ratio
757 4745 833 4810 buic
847 4767 955 4830 parum
970 4747 1139 4809 convenire
1154 4747 1311 4822 videatur;
1334 4765 1405 4810 nam
1420 4746 1645 4810 Mommsenius

419 4889 516 4952 quum
538 4869 700 4932 civitatum
715 4869 894 4932 nominibus
912 4869 1127 4951 magistratus,
1149 4869 1342 4941 sacerdotia,
1364 4877 1467 4932 cetera
1483 4867 1644 4944 notabilia,

419 5008 631 5075 quaecunque
645 4992 677 5052 in
693 4992 904 5055 monumentis
920 4991 1132 5075 epigrapbicis
1146 4994 1362 5077 reperiuntur,
1378 4991 1534 5073 adiungit,
1553 4991 1644 5074 quasi

418 5112 587 5197 perlectam
610 5111 768 5198 quandam
791 5111 985 5196 singularum
1013 5113 1174 5178 civitatum
1202 5115 1370 5198 imaginem
1399 5112 1491 5176 nobis
1520 5131 1645 5196 reprae-
