4242 6117
549 680 586 736 2⁸
948 677 984 735 C.
1012 685 1039 737 l.
1081 671 1384 733 Guootmt’fflcs.

550 826 652 886 babile
668 839 729 897 est,
751 846 843 906 ιῙιιιιιιι
854 828 947 886 loutis
968 829 1114 887 salutiferi
1134 829 1290 904 antiquum
1311 827 1532 884 instauraretur
1549 819 1782 900 receptaculum,

550 926 582 982 iu
602 927 669 1001 ipsa
690 943 766 1002 aqua
786 933 905 999 praeter
925 943 1064 1000 magnam
1084 921 1192 979 nrolem
1209 923 1289 978 ueris
1303 922 1386 978 rudis
1402 921 1482 998 quod
1496 919 1609 988 dieunt,
1632 934 1785 975 nummos·

551 1037 610 1096 que
629 1019 793 1095 permultos
814 1035 940 1087 aeneos,
962 1018 1036 1075 alios
1055 1017 1175 1094 quidem
1194 1017 1278 1073 fusos
1293 1018 1358 1072 aevi
1373 1015 1585 1092 antiquissimi,
1607 1013 1683 1070 alius
1696 1031 1785 1070 cusos

549 1113 588 1171 ad
607 1124 742 1190 tempora
763 1113 932 1189 posteriora
951 1113 1062 1169 liberae
1082 1113 1126 1168 rei
1146 1109 1284 1187 publicae
1299 1123 1328 1168 et
1346 1114 1560 1186 imperatorum
1575 1118 1701 1164 aetatem
1716 1125 1787 1183 per-

548 1208 696 1276 tinentes,
720 1226 789 1264 vasa
809 1208 953 1264 nonnulla
974 1225 1060 1263 aerea
1082 1217 1111 1262 et
1131 1216 1271 1279 argentea
1293 1216 1414 1280 reperta
1435 1215 1526 1272 sunt,
1551 1221 1678 1280 qnorum
1699 1202 1785 1278 plura

549 1303 700 1378 Apollini,
721 1301 884 1378 Nymphis,
905 1301 1031 1360 Siluano
1052 1302 1151 1359 dicata
1172 1311 1261 1356 eraut
1274 1301 1325 1366 (cl.
1344 1319 1396 1358 nu.
1413 1302 1495 1356 5701.
1509 1301 1620 1366 bibl),
1640 1298 1698 1353 tria
1712 1314 1785 1353 veru

549 1408 691 1474 argentea
710 1399 741 1454 iu
761 1398 890 1454 soranam
908 1398 1030 1454 miliarii
1049 1396 1172 1453 redacta
1187 1396 1345 1452 itineraria
1362 1414 1378 1454 a
1393 1392 1526 1453 Gadibus
1542 1393 1667 1452 Romam
1691 1408 1786 1467 usque

547 1492 694 1568 iuscripta
724 1489 877 1549 exhibent.
923 1491 1007 1564 Quae
1038 1509 1129 1566 quum
1158 1489 1287 1548 diversis
1317 1488 1502 1565 temporibus
1531 1498 1678 1563 concepta
1707 1485 1787 1544 baud

547 1587 652 1664 paucis
681 1597 712 1642 et
737 1589 869 1643 numeris
896 1598 926 1642 et
945 1587 1136 1642 mansionum
1157 1585 1328 1642 nominibus
1350 1587 1427 1641 iuter
1448 1603 1481 1640 sc
1501 1581 1660 1651 differant,
1689 1581 1731 1637 ita
1750 1599 1785 1638 ea

549 1681 598 1738 bie
625 1680 822 1757 proponenda
843 1699 909 1737 esse
929 1682 1052 1747 censui,
1081 1691 1114 1736 ut
1137 1680 1292 1738 commode
1312 1681 1392 1738 iuter
1411 1697 1443 1735 se
1463 1678 1636 1754 comparari
1655 1676 1781 1754 possint.

548 1775 666 1834 Collum
687 1786 786 1831 autem
806 1793 873 1832 eum
894 1777 930 1832 iis
951 1777 1107 1832 itinerario
1121 1776 1286 1841 Antonini,
1309 1773 1356 1841 id,
1380 1773 1459 1850 quod
1478 1773 1570 1828 tertio
1584 1771 1650 1828 loco
1671 1789 1784 1846 propo-

547 1888 671 1937 nemus,
701 1889 770 1926 cum
795 1871 852 1926 hoc
878 1872 973 1946 magis
1000 1871 1109 1926 ceteris
1129 1871 1304 1944 conspirare
1326 1879 1423 1944 patet,
1456 1865 1529 1924 illud
1549 1877 1673 1932 contra,
1705 1865 1783 1942 quod

546 1967 646 2041 primo
666 1965 733 2020 loeo
753 1964 873 2040 legitur,
894 1963 973 2020 baud
994 1983 1106 2041 paucas
1134 1965 1305 2022 mansiones
1326 1959 1481 2031 exhibere,
1504 1963 1632 2038 quaein
1652 1961 1783 2018 Antoni·

547 2062 639 2118 niano
666 2059 725 2116 iam
752 2077 813 2115 non
832 2057 1037 2134 reperiuntur.
1078 2059 1270 2116 Itinerarium
1291 2057 1418 2134 denique
1439 2055 1571 2114 secundo
1591 2055 1659 2113 loco
1680 2054 1783 2131 prola-

547 2165 611 2211 tum
630 2152 766 2231 pluribus
787 2153 905 2229 quidem
926 2166 955 2210 et
975 2155 1107 2211 numeris
1130 2165 1158 2209 et
1178 2150 1349 2210 nominibus
1364 2171 1431 2210 curn
1449 2153 1540 2209 tertio
1554 2150 1709 2216 convenit,
1731 2146 1784 2204 sed

547 2248 710 2308 nonnullae
738 2248 912 2304 mansiones
941 2249 972 2311 in
999 2251 1096 2322 primu
1123 2247 1229 2304 obviae
1253 2250 1283 2304 in
1303 2266 1339 2305 eo
1360 2265 1479 2326 quoque
1499 2255 1635 2313 exstant,
1664 2243 1734 2300 lieet
1753 2245 1783 2304 in

546 2345 637 2402 tertio
657 2342 878 2400 desiderentur.
911 2342 995 2415 Quae
1014 2361 1106 2419 quum
1125 2345 1165 2400 its
1181 2344 1258 2410 sint,
1280 2344 1366 2401 facile
1381 2353 1519 2419 apparet,
1542 2340 1784 2416 antiquissimum

547 2449 630 2495 certe
651 2455 718 2493 esse
738 2437 928 2494 itinerarium
948 2440 1095 2512 primurn,
1123 2439 1318 2496 novissimum
1338 2439 1477 2504 tertium,
1500 2435 1664 2494 secundum
1685 2444 1783 2490 autern

547 2543 617 2590 ante
637 2533 759 2590 tertium
779 2542 810 2589 et
829 2543 898 2607 pust
916 2534 1047 2608 primum
1067 2543 1222 2590 exaratum
1243 2550 1319 2590 ease.
1344 2563 1377 2578 -
1399 2533 1483 2606 Quae
1504 2534 1586 2588 varie
1606 2532 1636 2588 iu
1656 2531 1782 2604 singulis

544 2627 701 2704 leguntur,
730 2629 770 2683 ita
791 2627 967 2703 explicanda
988 2640 1075 2695 sunt,
1108 2639 1141 2684 ut
1160 2629 1191 2686 iu
1211 2629 1400 2686 commodum
1420 2627 1678 2703 peregrinantium
1697 2641 1783 2682 mau-

545 2724 664 2782 siouurn
684 2740 840 2780 numeram
860 2721 1015 2797 paullatim
1035 2735 1174 2793 auctum,
1197 2727 1252 2781 viis
1272 2744 1327 2801 per
1346 2725 1482 2800 planiora
1499 2722 1622 2778 directis
1643 2718 1782 2778 substru-

545 2818 641 2875 ctisvc
659 2815 844 2895 rupibusque
864 2819 994 2884 excisis,
1016 2817 1153 2878 locorum
1174 2818 1347 2878 distantiam
1359 2819 1408 2876 bic
1428 2816 1616 2886 breviorem,
1639 2814 1700 2872 illic
1714 2815 1781 2872 lon·

543 2913 660 2990 giureut
685 2911 832 2971 redditam
860 2931 926 2971 esse
953 2913 1097 2972 dicamus.
1145 2912 1332 2990 Quamquam
1357 2915 1389 2970 iu
1416 2914 1572 2986 itinerario
1601 2910 1780 2987 praesertim

544 3007 692 3076 secundo,
714 3026 789 3085 quse
809 3029 825 3064 a
844 3011 948 3085 priore
963 3021 992 3066 et
1011 3010 1181 3085 posteriore
1195 3027 1288 3086 aeque
1309 3006 1427 3066 diversa
1448 3018 1530 3075 sunt,
1553 3007 1716 3088 scalpturis
1730 3023 1781 3064 er·

544 3104 609 3160 rori
630 3100 789 3160 tribuenda
809 3122 874 3160 esse
894 3115 979 3180 puto.
1003 3135 1035 3147 -
1056 3102 1182 3172 Mirum,
1205 3102 1285 3180 quod
1304 3121 1419 3161 summa
1441 3119 1635 3160 numerorum
1649 3101 1781 3158 omnium

544 3199 575 3254 in
600 3193 661 3254 fine
690 3198 922 3273 inscriptionum
949 3200 1106 3276 proposita
1134 3198 1237 3256 eadem
1257 3201 1288 3256 in
1310 3200 1407 3274 primo
1428 3207 1457 3252 et
1477 3199 1566 3254 tertio
1587 3205 1780 3253 monumento

544 3302 606 3358 est,
635 3293 769 3368 quamvis
796 3293 907 3368 singuli
936 3296 1053 3350 numeri
1074 3312 1291 3369 nonuunquam
1312 3296 1391 3350 inter
1409 3311 1441 3349 se
1463 3290 1614 3348 differant.
1636 3291 1734 3372 ‘Quos
1755 3292 1780 3347 si

544 3397 684 3443 accurate
705 3390 937 3460 computaveris,
960 3408 997 3445 ne
1018 3391 1048 3446 in
1067 3407 1126 3445 uno
1141 3388 1261 3466 quidem
1276 3399 1467 3445 monumento
1483 3407 1549 3444 curn
1563 3405 1677 3445 summa
1692 3386 1780 3463 plane

542 3481 719 3554 conspirare
740 3481 893 3549 invenies;
915 3482 944 3539 id
965 3484 1044 3560 quod
1066 3502 1172 3558 parum
1193 3486 1268 3550 scio,
1292 3495 1390 3540 utrum
1413 3482 1594 3559 negligentia
1615 3483 1726 3540 lactum
1742 3485 1781 3540 sit

542 3593 663 3643 eorum,
686 3577 737 3651 qui
758 3594 898 3633 numeros
919 3577 1108 3646 inciderunt,
1138 3597 1174 3634 an
1196 3579 1283 3655 quia,
1311 3577 1455 3656 neglectis
1477 3579 1530 3646 iis,
1560 3595 1635 3654 quae
1656 3585 1779 3652 postero

541 3680 678 3745 ternpore
704 3671 736 3726 iu
762 3670 897 3727 locorum
919 3673 1088 3730 intervallis
1108 3681 1219 3729 rrrutata
1242 3685 1347 3742 erant,
1379 3675 1551 3730 universam
1578 3691 1724 3729 summam
1749 3673 1778 3729 iu

540 3764 678 3821 miliariis
705 3764 925 3843 antiquioribus
949 3779 1031 3824 recte
1056 3769 1184 3824 fortasse
1213 3770 1399 3844 propositam
1427 3769 1458 3824 iu
1487 3769 1533 3824 bis
1558 3785 1677 3845 quoqne
1697 3768 1778 3824 vasis

541 3858 732 3917 retinuerint.
756 3893 785 3904 -
809 3860 1027 3937 Inscriptiones
1048 3865 1089 3919 its
1111 3863 1140 3919 in
1163 3864 1242 3920 rasis
1262 3861 1440 3920 distributae
1462 3874 1549 3930 suut,
1572 3873 1605 3920 ut
1625 3864 1778 3939 quaternis

542 3955 573 4010 in
604 3954 730 4028 singulis
761 3954 920 4012 distinctae
949 3957 1155 4014 columnarum
1183 3955 1290 4033 figuris
1317 3957 1432 4015 tubulus
1462 3970 1623 4034 quaternus
1643 3957 1778 4034 singulae

542 4046 690 4117 efficiant,
718 4050 822 4107 titulus
847 4069 921 4107 vero
950 4069 1040 4128 supra
1067 4055 1199 4128 scriptus
1226 4065 1255 4110 ot
1279 4072 1461 4110 summarum
1488 4053 1631 4110 iudicatio
1652 4053 1778 4128 siugulis

542 4141 679 4200 versibus
699 4153 868 4219 pestutum
890 4164 1031 4202 vasorum
1051 4148 1211 4204 circuituro
1231 4147 1381 4223 legantur.
1421 4149 1626 4205 Asservantur
1645 4166 1726 4204 nunc
1746 4150 1777 4205 iu

541 4236 648 4295 Museo
669 4237 872 4296 Kircheriauo
891 4239 1018 4314 Collegii
1037 4242 1175 4300 Romani.
1208 4242 1309 4300 Edidit
1329 4260 1426 4318 nuper
1445 4242 1480 4298 P.
1496 4242 1640 4318 Iosepbns
1661 4243 1778 4300 Marubi

543 4333 575 4389 iu
599 4330 718 4401 libello,
750 4335 799 4391 eni
826 4335 930 4392 titulus
958 4349 1021 4393 est:
1053 4338 1095 4392 La
1121 4345 1195 4412 stipe
1214 4340 1355 4392 tribulata
1375 4339 1429 4391 alle
1449 4337 1573 4392 divenses
1593 4339 1664 4392 delle
1684 4342 1778 4412 Aequis

541 4428 706 4499 Apollinari·
726 4439 783 4484 cet.
813 4429 918 4497 Roma,
949 4432 1037 4500 1852,
1060 4437 1093 4499 l,
1115 4452 1165 4508 pp.
1189 4437 1224 4492 32
1245 4451 1312 4489 cum
1339 4437 1354 4489 l
1385 4428 1493 4488 tabulis
1515 4434 1577 4490 aeri
1595 4434 1719 4501 incisis,
1746 4434 1777 4490 in

543 4521 652 4600 quibus
678 4533 779 4580 tamen
809 4542 950 4584 vasorum
976 4532 994 4584 2
1021 4538 1050 4583 et
1076 4531 1091 4584 3
1112 4527 1200 4586 binae
1220 4539 1335 4585 tantum
1355 4527 1512 4586 columnae
1532 4539 1777 4606 repraesentatae

541 4627 628 4685 sunt,
659 4616 689 4674 id
716 4616 796 4694 quod
821 4631 981 4696 propterea
1009 4621 1187 4690 dolendum,
1219 4624 1286 4699 quia
1312 4625 1344 4680 iu
1371 4623 1507 4700 exemplo
1527 4625 1606 4700 typis
1631 4641 1776 4700 expresso

543 4711 689 4770 nonnulla
709 4714 797 4772 aliter
818 4714 974 4792 leguntur,
996 4728 1086 4795 atque
1106 4719 1138 4774 in
1158 4717 1267 4775 tabulis
1282 4719 1345 4775 seri
1364 4719 1475 4778 incisis.
1501 4719 1658 4796 Equidem,
1680 4737 1776 4794 quau·

540 4819 604 4864 tum
624 4811 724 4883 potui,
747 4809 800 4868 bas
821 4823 942 4869 secutus
962 4831 1039 4870 suni.
1071 4814 1263 4870 ltlncrarium
1285 4827 1381 4872 sutem
1402 4815 1527 4872 alterum
1547 4814 1615 4872 iude
1630 4812 1667 4870 ab
1688 4815 1775 4871 initio

543 4920 637 4978 nsque
665 4901 703 4960 ad
728 4908 915 4963 mansionem
944 4906 1199 4978 SEXTANTIO,
1231 4911 1349 4966 tertium
1370 4929 1386 4966 ιι
1405 4907 1602 4968 NEMAVSO
1623 4927 1717 4986 usque
1738 4909 1774 4965 ad

543 4994 634 5054 linctu
654 4998 690 5055 iu'
705 5000 742 5056 iis
762 4999 952 5062 exhibentur.
994 5003 1061 5080 lpse
1083 5005 1113 5061 in
1134 5003 1241 5063 Museo
1260 5003 1406 5064 Rhenauu
1427 5005 1525 5062 denuo
1546 5003 1635 5075 edidi,
1656 5003 1716 5061 vol.
1732 5001 1772 5073 X,

546 5095 635 5163 1853,
656 5111 687 5171 p.
709 5098 746 5154 20
766 5113 850 5173 seqq.
