4242 6117
458 776 461 781 ¹
491 730 552 770 rna

499 873 635 959 publicis
656 871 750 940 facile
771 871 989 948 inveniantur,
1012 878 1217 936 monumenta
1233 876 1341 934 nostra
1356 873 1458 932 aetate
1472 872 1597 952 reperta
1610 869 1729 933 maiore

502 996 614 1059 saltem
635 1014 676 1058 ex
698 993 836 1077 partein
852 993 1126 1078 ephemeridibus,
1147 992 1378 1057 academiarum
1393 997 1426 1056 ct
1439 991 1623 1055 societatum
1639 990 1729 1067 actis,

501 1115 608 1180 multis
631 1115 769 1198 denique
791 1115 906 1179 libellis
927 1116 1139 1199 singularibus
1162 1115 1305 1200 dispersa
1325 1114 1439 1190 latent,
1465 1133 1507 1176 ex
1529 1113 1644 1198 quibus
1666 1133 1730 1178 non

501 1238 571 1302 sine
592 1257 706 1321 magno
728 1237 837 1301 labore
859 1258 896 1301 ac
917 1237 1023 1301 taedio
1046 1237 1263 1321 conquirenda
1279 1243 1310 1299 ct
1325 1237 1431 1300 denuo
1446 1237 1538 1319 quasi
1553 1235 1731 1300 effodienda

501 1366 585 1423 sunt.
615 1359 816 1442 Quapropter
828 1378 892 1422 non
909 1360 1055 1442 exiguam
1074 1359 1241 1424 utilitatem
1255 1359 1332 1421 artis
1347 1357 1565 1443 epigraphinne
1581 1357 1730 1422 studiosis

500 1502 552 1546 me
573 1481 738 1544 allaturum
762 1500 832 1544 esse
855 1483 1035 1564 sperabam,
1058 1482 1084 1545 si
1105 1482 1155 1546 bis
1176 1483 1376 1564 potissimum
1399 1478 1603 1564 colligendis,
1624 1478 1731 1566 dispc-

502 1603 636 1680 nendis,
670 1602 869 1686 explicandis
902 1623 1030 1687 operam
1064 1624 1239 1668 navensem.
1294 1605 1461 1666 Praeterea
1491 1609 1617 1677 autem,
1649 1620 1730 1685 quae

500 1732 707 1797 monumenta
735 1734 877 1789 correcta
903 1725 954 1788 rel
980 1726 1097 1789 rectius
1125 1725 1281 1790 illustrata
1313 1745 1383 1789 esse
1417 1723 1540 1798 inveni,
1573 1743 1610 1786 ea
1638 1722 1729 1807 quasi

501 1867 584 1914 nora
607 1855 727 1922 essent,
755 1848 898 1931 recipere
923 1866 989 1912 non
1011 1847 1162 1912 dubitavi.
1205 1851 1317 1930 Neque
1339 1857 1444 1914 tamen
1465 1846 1664 1931 propositum
1685 1845 1730 1908 ita

500 1969 607 2044 tenui,
628 1977 665 2033 ut
685 1988 849 2052 nunquam
870 1971 911 2034 ab
926 1989 964 2032 eo
979 1969 1189 2046 discederem3
1211 1971 1307 2034 immo
1328 1970 1453 2053 recepi,
1476 1967 1606 2053 siquod
1620 1987 1731 2032 monu-

500 2097 643 2157 mentum
670 2091 735 2154 ridi
763 2091 803 2160 nb
826 2091 947 2155 Orellio
970 2091 1137 2166 omissum,
1173 2091 1259 2176 quod
1287 2111 1354 2156 rem
1383 2089 1542 2175 quandam
1571 2088 1731 2154 declarare

501 2212 680 2287 videretur,
711 2213 802 2279 cuius
827 2232 945 2279 novum
970 2213 1191 2278 testimonium
1218 2213 1295 2279 mibi
1323 2221 1408 2278 certa
1436 2213 1470 2278 in
1497 2218 1645 2296 promptu
1667 2231 1730 2275 non

502 2341 581 2400 erat.
625 2335 690 2400 Sed
711 2343 805 2400 caute
826 2355 865 2398 ca
886 2335 1014 2400 licentia
1035 2334 1191 2400 utendum
1213 2355 1284 2400 esse
1302 2333 1437 2409 credidi,
1459 2354 1500 2401 ne
1515 2332 1732 2416 inscriptioni·

501 2454 562 2518 bus
584 2456 660 2520 satis
681 2456 768 2520 notis
788 2455 903 2520 librum
925 2456 1108 2539 implerem,
1134 2456 1334 2520 librariorum
1356 2475 1486 2540 quoque
1508 2454 1637 2520 utilitati
1659 2474 1732 2518 con-

502 2575 658 2652 sulturus,
688 2579 807 2661 quippe
837 2578 910 2662 qui,
943 2579 1056 2642 studiis
1084 2578 1292 2663 epigrapbicis
1319 2597 1438 2661 paucos
1463 2577 1549 2641 inter
1576 2583 1731 2645 nostrates

502 2716 630 2782 operam
653 2699 744 2774 dare,
766 2719 826 2764 nec
847 2701 946 2764 multa
967 2699 1039 2764 libri
1059 2701 1205 2784 exempla
1219 2699 1404 2764 vendituros
1420 2720 1454 2766 se
1469 2720 1540 2765 esse
1553 2700 1629 2773 rati,
1652 2719 1731 2784 opus

501 2839 541 2886 ea
561 2819 751 2886 condicione
772 2822 851 2886 mibi
873 2822 1090 2896 tradidissent,
1117 2829 1154 2886 ut
1175 2842 1231 2886 eos
1260 2829 1382 2886 tantum
1411 2822 1520 2888 titulos
1546 2823 1730 2906 reciperem,

499 2943 617 3027 quibus
642 2945 780 3010 maxime
807 2964 889 3028 opus
917 2952 1015 3018 essct,
1048 2964 1129 3011 neve
1156 2944 1239 3008 ultra
1267 2953 1384 3013 certum
1414 2945 1572 3028 quendam
1599 2945 1730 3010 modurn

498 3059 578 3134 fines
600 3065 674 3128 libri
695 3066 908 3131 extenderem.

586 3186 622 3251 ln
650 3186 837 3270 colligendis
865 3196 969 3252 nutem
997 3187 1271 3272 inscriptionibus,
1306 3209 1387 3270 quae
1417 3196 1490 3272 post
1518 3189 1636 3254 editam
1666 3189 1731 3254 col·
1760 3173 1762 3177 ⁸

498 3306 670 3371 lectionem
693 3307 885 3371 Orellianam
913 3308 1092 3391 publicatus
1120 3318 1215 3386 sunt,
1237 3318 1269 3374 et
1290 3309 1417 3382 adiutus
1446 3330 1517 3374 sum
1547 3317 1579 3374 et
1599 3310 1732 3395 impedi-

500 3436 552 3494 tus
580 3429 710 3514 propria
743 3430 905 3514 copiarum
938 3441 1065 3503 natura,
1102 3453 1184 3514 quae
1213 3434 1331 3498 Romae
1361 3431 1437 3497 mihi
1462 3441 1595 3517 'praesto
1627 3441 1730 3498 erant:

499 3571 573 3614 nam
595 3550 770 3617 affluebant
791 3552 919 3635 quidem
934 3553 1085 3616 Italorum
1107 3552 1225 3629 libelli,
1247 3575 1306 3618 nec
1329 3554 1477 3646 deerapt,
1500 3573 1584 3637 quae
1604 3555 1639 3618 in
1654 3553 1731 3618 Ger·

501 3673 607 3740 mania
626 3672 723 3738 huius
745 3674 868 3755 generis
898 3683 1101 3738 monumenta
1133 3675 1251 3759 publici
1273 3677 1352 3740 iuris
1373 3677 1455 3740 lacta
1477 3684 1560 3740 sunt
1586 3678 1644 3748 ,nt
1664 3676 1732 3742 liri·

500 3799 685 3870 uncorum,
715 3794 894 3870 Gallorum,
920 3795 1135 3878 Hispanorum
1165 3799 1238 3862 libri
1257 3797 1323 3862 lere
1345 3817 1455 3863 omnes
1477 3799 1595 3864 Romae
1616 3799 1730 3867 frustm

501 3924 708 3999 quaeruntur.
750 3917 796 3978 Ea
819 3916 903 3980 enim
924 3917 1188 3984 bibliothecarum
1210 3921 1422 3984 Romanarum
1442 3920 1589 3986 condicio
1611 3928 1671 3995 est,
1695 3929 1730 3984 ut

496 4037 723 4105 vetustioribus
744 4037 874 4120 quidem
896 4039 985 4102 libris
1008 4041 1127 4123 optime
1149 4041 1322 4106 instructae
1343 4041 1489 4106 omnibus
1503 4061 1605 4125 paene
1619 4063 1730 4111 renen·

496 4158 630 4222 tiuribus
652 4158 781 4226 omnino
803 4170 945 4238 careant,
968 4165 1192 4226 commercium
1214 4170 1318 4229 autem
1340 4163 1502 4230 librarium
1524 4164 1570 4232 ite
1591 4165 1624 4230 in
1639 4165 1729 4230 ltalia

497 4281 637 4363 languet,
664 4289 713 4355 ut,
741 4283 827 4364 quod
848 4284 921 4348 olim
944 4285 984 4348 de
1006 4284 1162 4368 Lugduno
1185 4283 1324 4359 Plinius,
1355 4285 1439 4350 idam
1463 4305 1548 4350 nuno
1569 4285 1609 4350 de
1631 4288 1729 4355 Roma

497 4400 615 4486 aliquis
636 4399 765 4468 credere
786 4406 896 4488 possit.
933 4407 1011 4469 Nam
1032 4406 1214 4488 bibliopolas
1229 4409 1340 4472 Itomae
1361 4425 1423 4468 nna
1443 4425 1503 4470 esse
1523 4405 1616 4475 tacito
1637 4415 1728 4491 putub

496 4523 597 4600 reris,
617 4525 647 4589 si
661 4525 785 4590 nullum
799 4545 850 4590 me
866 4529 1044 4610 repperisse
1059 4527 1225 4604 didiceris,
1248 4529 1303 4611 qui
1319 4527 1557 4592 celeberrimum
1571 4529 1727 4613 atpbonst

497 4648 537 4712 de
556 4646 702 4712 Boissicu
723 4647 763 4711 de
784 4647 1041 4731 inscriptionibus
1064 4650 1330 4733 Lugdunensibus
1352 4650 1468 4716 librum
1490 4651 1627 4716 eGallia
1648 4651 1726 4717 mibi

494 4770 691 4834 atterendum
717 4779 869 4835 curasset
919 4771 985 4833 lam
1018 4791 1093 4836 vero
1120 4775 1152 4836 in
1183 4784 1324 4840 extrema
1354 4771 1408 4837 illa
1435 4772 1587 4839 librorum
1617 4772 1725 4859 inopia

494 4891 646 4976 singulari
668 4893 866 4958 Mommsenii
887 4893 1027 4958 amicitia
1050 4913 1142 4976 quam
1172 4894 1310 4960 maxime
1338 4894 1465 4961 adiutus
1487 4915 1573 4971 sum,
1605 4897 1724 4979 quippe

494 5014 571 5097 qui,
591 5004 673 5080 sicut
693 5016 810 5080 Romae
825 5034 1043 5090 commorans,
1064 5035 1147 5100 qnae
1162 5035 1219 5099 per
1232 5015 1355 5091 ltaliam
1369 5017 1421 5084 rel
1435 5018 1504 5100 ipse
1518 5023 1723 5090 monuments
